@book{pm,
author={Whitehead, Alfred North and Russel, Bertrand},
title={Principia Mathematica to *56},
publisher={{C}ambridge {A}t {T}he {U}niversity {P}ress},
year={1910},
}

@TECHREPORT{Liskov94familyvalues,
author = {Barbara Liskov and Jeannette M. Wing},
title = {Family Values: A Behavioral Notion of Subtyping},
institution = {ACM Transactions on Programming Languages and Systems},
year = {1994}
}

@MISC{Castagna95acalculus,
author = {Giuseppe Castagna and Giorgia Ghelli and Giuseppe Longo},
title = {A Calculus for Overloaded Functions with Subtyping},
year = {1995}
}

@inproceedings{Muschevici2008,
 author = {Muschevici, Radu and Potanin, Alex and Tempero, Ewan and Noble, James},
 title = {Multiple dispatch in practice},
 booktitle = {Proceedings of the 23rd ACM SIGPLAN conference on Object-oriented programming systems languages and applications},
 series = {OOPSLA '08},
 year = {2008},
 isbn = {978-1-60558-215-3},
 location = {Nashville, TN, USA},
 pages = {563--582},
 numpages = {20},
 url = {http://doi.acm.org/10.1145/1449764.1449808},
 doi = {10.1145/1449764.1449808},
 acmid = {1449808},
 publisher = {ACM},
 address = {New York, NY, USA},
 keywords = {double dispatch, empirical software engineering, instanceof, multimethods, multiple dispatch},
}
